<?xml version="1.0" encoding="UTF-8"?><collection xmlns="http://www.loc.gov/MARC21/slim"><record><leader>00591nam--2200205-i-4500</leader><controlfield tag="001">000004400</controlfield><controlfield tag="002">20161230</controlfield><controlfield tag="005">20161230201025</controlfield><controlfield tag="008">060222s1000------------r-----000-0-rus-d</controlfield><datafield ind1=" " ind2=" " tag="040"><subfield code="a">IFIN-HH</subfield></datafield><datafield ind1=" " ind2=" " tag="041"><subfield code="a">rus</subfield></datafield><datafield ind1=" " ind2=" " tag="080"><subfield code="a">536.24</subfield></datafield><datafield ind1="1" ind2=" " tag="100"><subfield code="a">Irvine, Thomas F., Jr</subfield></datafield><datafield ind1="1" ind2="0" tag="245"><subfield code="a">Problemi teploobmena</subfield><subfield code="c">Thomas f. irvine, jr.; james p. hartnett (eds.)</subfield></datafield><datafield ind1=" " ind2=" " tag="260"><subfield code="a">Moskva</subfield><subfield code="b">Atomnizdat</subfield><subfield code="c">1967</subfield></datafield><datafield ind1=" " ind2=" " tag="300"><subfield code="a">335P</subfield></datafield><datafield ind1=" " ind2=" " tag="500"><subfield code="a">Titlul Original In Limba Engleza: Advances In Heat Transfer; Volume I</subfield></datafield><datafield ind1="1" ind2=" " tag="700"><subfield code="a">Hartnett, James P</subfield><subfield code="e">Ed</subfield></datafield><datafield ind1=" " ind2=" " tag="852"><subfield code="a">28493</subfield><subfield code="c">536</subfield></datafield><datafield ind1=" " ind2=" " tag="CAT"><subfield code="a">Sys</subfield><subfield code="c">20110506</subfield><subfield code="h">121729</subfield></datafield></record></collection>